<record><leader>00000cas a22000007a 4500</leader><controlfield tag="001">33808125</controlfield><controlfield tag="008">951127c199u9999ohuwr ne      0   a0eng c</controlfield><datafield ind1=" " ind2=" " tag="010"><subfield code="a">sn 95003600 </subfield></datafield><datafield ind1=" " ind2=" " tag="040"><subfield code="a">NSD</subfield><subfield code="b">eng</subfield><subfield code="c">NSD</subfield><subfield code="d">OCLCQ</subfield></datafield><datafield ind1=" " ind2=" " tag="012"><subfield code="m">1</subfield></datafield><datafield ind1="1" ind2=" " tag="022"><subfield code="a">1086-1254</subfield><subfield code="2">1</subfield></datafield><datafield ind1=" " ind2=" " tag="032"><subfield code="a">702710</subfield><subfield code="b">USPS</subfield></datafield><datafield ind1=" " ind2=" " tag="037"><subfield code="b">Sun Newspapers, 5510 Cloverleaf Pkwy, Cleveland, OH 44125</subfield></datafield><datafield ind1=" " ind2=" " tag="042"><subfield code="a">nsdp</subfield><subfield code="a">pcc</subfield></datafield><datafield ind1=" " ind2="0" tag="222"><subfield code="a">Garfield-Maple sun</subfield></datafield><datafield ind1="0" ind2="0" tag="245"><subfield code="a">Garfield-Maple sun.</subfield></datafield><datafield ind1=" " ind2=" " tag="260"><subfield code="a">Cleveland, Ohio :</subfield><subfield code="b">Sun Newspapers</subfield></datafield><datafield ind1=" " ind2=" " tag="300"><subfield code="a">v.</subfield></datafield><datafield ind1=" " ind2=" " tag="310"><subfield code="a">Weekly</subfield></datafield><datafield ind1=" " ind2=" " tag="588"><subfield code="a">Description based on: Oct. 26, 1995.</subfield></datafield><datafield ind1="0" ind2="0" tag="780"><subfield code="t">Garfield-Maple Heights sun</subfield><subfield code="x">0746-2611</subfield><subfield code="w">(DLC)sn 83008839</subfield></datafield></record>